<collection xmlns="http://www.loc.gov/MARC21/slim">
<record>
  <leader>00988nam0a2200229 i 450 </leader>
  <controlfield tag="001">IT\ICCU\CNCE\075978</controlfield>
  <controlfield tag="005">20110525000000.0</controlfield>
  <datafield tag="012" ind1=" " ind2=" ">
    <subfield code="a">asna moa- uni. isse (C) 1537 (Q)</subfield>
    <subfield code="2">fei</subfield>
  </datafield>
  <datafield tag="100" ind1=" " ind2=" ">
    <subfield code="a">20110524f1537        0itac0103    ba</subfield>
  </datafield>
  <datafield tag="101" ind1=" " ind2=" ">
    <subfield code="a">LAT</subfield>
  </datafield>
  <datafield tag="102" ind1=" " ind2=" ">
    <subfield code="a">IT</subfield>
  </datafield>
  <datafield tag="200" ind1="1" ind2=" ">
    <subfield code="a">Regula Cancellarie apostolicae s. domini n.d. Pauli diuina prouidentia pp. III qua omnes gratis praeter expectatiuas per eundem s.n. indulta &amp;c. ac quibusuis personis concessa reuocauit</subfield>
  </datafield>
  <datafield tag="210" ind1=" " ind2=" ">
    <subfield code="d">\1537?!</subfield>
  </datafield>
  <datafield tag="215" ind1=" " ind2=" ">
    <subfield code="a">4 c.</subfield>
    <subfield code="d">4ʻ</subfield>
  </datafield>
  <datafield tag="300" ind1=" " ind2=" ">
    <subfield code="a">Data di pubblicazione: 2 ottobre 1537</subfield>
  </datafield>
  <datafield tag="710" ind1="0" ind2="2">
    <subfield code="a">Santa Sede</subfield>
    <subfield code="b"> : Cancelleria apostolica</subfield>
    <subfield code="3">IT\ICCU\CNCA\006935</subfield>
  </datafield>
  <datafield tag="702" ind1=" " ind2="0">
    <subfield code="a">Paulus</subfield>
    <subfield code="c"> &lt;papa</subfield>
    <subfield code="c"> ; 3.&gt;</subfield>
    <subfield code="3">IT\ICCU\CNCA\003227</subfield>
  </datafield>
  <datafield tag="712" ind1="0" ind2="2">
    <subfield code="a">s.n.</subfield>
    <subfield code="3">IT\ICCU\CNCT\000002</subfield>
    <subfield code="4">650</subfield>
  </datafield>
  <datafield tag="791" ind1="0" ind2="2">
    <subfield code="a">Cancellaria Apostolica</subfield>
    <subfield code="3">7818</subfield>
    <subfield code="z">Santa Sede : Cancelleria apostolica</subfield>
  </datafield>
  <datafield tag="790" ind1=" " ind2="1">
    <subfield code="a">Farnese,</subfield>
    <subfield code="b">Alessandro</subfield>
    <subfield code="c"> &lt;1468-1549&gt;</subfield>
    <subfield code="3">IT\ICCU\CNCA\020800</subfield>
    <subfield code="z">Paulus &lt;papa ; 3.&gt;</subfield>
  </datafield>
  <datafield tag="801" ind1=" " ind2="3">
    <subfield code="a">IT</subfield>
    <subfield code="b">ICCU</subfield>
    <subfield code="c">20201115</subfield>
  </datafield>
  <datafield tag="899" ind1=" " ind2=" ">
    <subfield code="a">Biblioteca Palatina. Parma</subfield>
    <subfield code="1">PR0072</subfield>
    <subfield code="2">PAR PA</subfield>
  </datafield>
</record>
</collection>
